<?xml version="1.0" encoding="UTF-8"?><collection xmlns="http://www.loc.gov/MARC21/slim"><record><leader>00404nam--2200145-i-4500</leader><controlfield tag="001">000011662</controlfield><controlfield tag="002">20161230</controlfield><controlfield tag="005">20170208154559</controlfield><controlfield tag="008">060222s1000------------r-----000-0-eng-d</controlfield><datafield ind1=" " ind2=" " tag="100"><subfield code="a">Bonham, David A</subfield></datafield><datafield ind1=" " ind2=" " tag="245"><subfield code="a">Ttl: from the beginning. A texas instruments. Application report</subfield></datafield><datafield ind1=" " ind2=" " tag="260"><subfield code="a">Bedford</subfield><subfield code="b">Texas Instruments</subfield><subfield code="c">1973</subfield></datafield><datafield ind1=" " ind2=" " tag="300"><subfield code="a">86 p</subfield></datafield><datafield ind1=" " ind2=" " tag="852"><subfield code="a">621.38(047.1+085)</subfield></datafield><datafield ind1=" " ind2=" " tag="CAT"><subfield code="a">SYS</subfield><subfield code="c">20170208</subfield><subfield code="h">154559</subfield></datafield></record></collection>